<?xml version="1.0" encoding="UTF-8"?><collection xmlns="http://www.loc.gov/MARC21/slim"><record><leader>00409nam--2200133-i-4500</leader><controlfield tag="001">000011377</controlfield><controlfield tag="002">20161230</controlfield><controlfield tag="005">20161230201029</controlfield><controlfield tag="008">060222s1000------------r-----000-0-eng-d</controlfield><datafield ind1=" " ind2=" " tag="100"><subfield code="a">Curtis, David A</subfield></datafield><datafield ind1=" " ind2=" " tag="245"><subfield code="a">Magnetic bubble technology: theory and applications in computer and telecommunications memories</subfield></datafield><datafield ind1=" " ind2=" " tag="260"><subfield code="a">London, Cambridge Consultats Ltd., 1973</subfield></datafield><datafield ind1=" " ind2=" " tag="490"><subfield code="a">134p</subfield></datafield><datafield ind1=" " ind2=" " tag="852"><subfield code="a">621.318.1:681.3:621.39</subfield></datafield></record></collection>